

@online{INTERLOCKING_2,
	author    = "Francis How",
	title     = "Interlocking, back to basic",
	url       = "https://www.irse.org/Qualifications-Careers/Exam-Support-Resources/Module-A",
	urldate   = {2022-13-02}, 
	year      = 2022,
}








@online{RAILML_0,
	author    = "Railml.org",
	title     = "Home - railML.org",
	url       = "http://www.railml.org",
	urldate   = {2022-02-13}, 
	year      = 2022,
}


@online{GITHUB,
	author    = "Martín Nicolás Menéndez",
	title     = "Layouts analyzed with RNA",
	url       = "https://github.com/GICSAFePhD/RailML",
	urldate   = {2022-02-13}, 
	year      = 2022,
}



@online{RAILAID,
	author    = "RaIL-AiD",
	title     = "Railway Infrastructure and Layour Aided Designer",
	url       = "http://www.rail-aid.com",
	urldate   = {2022-02-13}, 
	year      = 2022,
}

@online{INTERVIEW,
	author    = "CONICET-GICSAFe",
	title     = "Interview with Trenes Argentinos",
	url       = "https://github.com/GICSAFePhD/RailML/blob/main/Interview/Readme.md",
	urldate   = {2023-06-10}, 
	year      = 2023,
}

@online{RAILVIVID,
	author    = "Railml.org",
	title     = "railVIVID: The railML Viewer \& Validator ",
	url       = "https://www.railml.org/en/user/railvivid.html",
	urldate   = {2022-02-13}, 
	year      = 2022,
}

@online{RAILML_IS,
	author    = "Railml.org",
	title     = "RailML 3.1 Infrastructure",
	url       = "http://wiki3.railml.org/DataModel/3.1/IS/",
	urldate   = {2022-02-13}, 
	year      = 2022,
}
@online{RAILML_IL,
	author    = "Railml.org",
	title     = "RailML 3.1 Interlocking",
	url       = "http://wiki3.railml.org/DataModel/3.1/IL/",
	urldate   = {2022-02-13}, 
	year      = 2022,
}
@online{RAILML_CO,
	author    = "Railml.org",
	title     = "RailML 3.1 Common",
	url       = "http://wiki3.railml.org/DataModel/3.1/CO/",
	urldate   = {2022-02-13}, 
	year      = 2022,
}
@online{ELEMENTTREE,
	author    = "Docs.python.org",
	title     = "API XML of ElementTree",
	url       = "http://docs.python.org/es/3.9/library/xml.etree.elementtree.html",
	urldate   = {2022-02-13}, 
}









@article{AUTOMATIC_PETRI_2,
	author =       "Xinhong Hei and Lining Chang and Weigang Ma and Jinli Gao and Guo Xie",
	title =        "Automatic transformation from UML Statechart to Petri Nets for safety analysis and verification",
	journal =      "International Conference on Quality, Reliability, Risk, Maintenance, and Safety Engineering(ICQR2MSE)",
	year =         "2011",
	%volume =       "11",
	%number =       "1",
	%pages =        "948--951",
	DOI =          "https://doi.org/10.5220/0006731806680679",
}











@article{AUTOMATIC_RELE,
	author =       "Chen Xiangxian and Huang Hai and He Yulin",
	title =        "Automatic Generation of Relay Logic for Interlocking System Based on Statecharts",
	journal =      "Second WRI World Congress on Software Engineering WCSE",
	year =         "2010",
	%volume =       "2",
	%number =       "10",
	%pages =        "183--188",
	DOI =          "https://doi.org/10.1109/WCSE.2010.31",
}

@article{AUTOMATIC_LOGIC,
	author =       "Xiangxian Chen and Yulin He and Hai Huang",
	title =        "An approach to automatic development of interlocking logic based on statechart",
	journal =      "Enterprise Information Systems",
	year =         "2011",
	%volume =       "5",
	%number =       "3",
	%pages =        "273--286",
	DOI =          "https://doi.org/10.1080/17517575.2011.575475",
}




@article{AUTOMATIC_ANALYZE_TABLE,
	author =       "Anne Haxthausen",
	title =        "Automated generation of safety requirements from railway interlocking tables",
	journal =      "International Journal on Software Tools for Technology Transfer",
	year =         "2014",
	%volume =       "16",
	%number =       "10",
	%pages =        "713--726",
	DOI =          "https://doi.org/10.1007/s10009-013-0295-9",
}





@article{IJES,
	author =       "Martín Nicolás Menéndez and Santiago Germino and Facundo Santiago Larosa and Ariel Lutenberg",
	title =        "Automatic generation of VHDL code for a railway interlocking system",
	journal =      "International Journal of Embedded Systems",
	year =         "2021",
	volume =       "14",
	number =       "6",
	pages =        "544--552",
	%DOI =          "https://doi.org/XXXXX",
}

@online{RITO,
	author    = "Trenes-Argentinos",
	title     = "{Reglamento Interno Técnico Operativo}. ({Spanish})
	[Internal Technical Operational Regulations]",
	url       = "https://www.argentina.gob.ar/sites/default/files/rito.pdf",
	urldate   = {2022-02-13}, 
	year      = 2022,
}

@online{TRENES,
	author    = "Trenes-Argentinos",
	title     = "{Trenes Argentinos}. ({Spanish})
	[Argentinian Trains]",
	url       = "https://www.argentina.gob.ar/transporte/trenes",
	urldate   = {2023-06-10}, 
	year      = 2023,
}

@online{IRSE,
	author    = "Institution of Railway Signal Engineers",
	title     = "{Fundamental Requirements for Train Control Systems}",
	url       = "https://www.irse.org/Publications-Resources/Misc-publications",
	urldate   = {2022-12-17}, 
	year      = 2022,
}

@online{TFNSW,
	author    = "Transport for New South Wales",
	title     = "{Rail Signalling Principles for Light Rail Networks}",
	url       = "https://www.transport.nsw.gov.au/system/files?file=media/asa_standards/2020/t-lr-sc-08001-st-v4.0_0.pdf",
	urldate   = {2022-12-17}, 
	year      = 2022,
}

@online{RISSB,
	author    = "Rail Industry Safety and Standards Board",
	title     = "{Signallingg Principles}",
	url       = "https://www.rissb.com.au/wp-content/uploads/2019/03/AS-7711-Signalling-Principles-PC-Draft.pdf",
	urldate   = {2022-12-17}, 
	year      = 2022,
}


@article{XSLT,
	author =       "Santiago Germino and Martín Nicolás Menéndez and Ariel Lutenberg",
	title =        "An XSLT-Based Proposal to Ease Embedded Critical Systems Tools Implementation, Verification, Validation, Testing, and Certification Efforts",
	journal =      "IEEE Embedded Systems Letters",
	year =         "2022",
	%volume =       "14",
	%number =       "6",
	%pages =        "544--552",
	DOI =          "https://doi.org/10.1109/LES.2022.3221810",
}