@article{Paper_1,
	Author = "Sandeep Patalay",
	Title = "Analysis of Railway Interlocking Systems",
}
@article{Paper_2,
	Author = "Ugur Yıldırım and  Mustafa S. Durmus and  Mehmet T. Soylemez",
	Title = "Automatic Interlocking Table Generation for Railway Stations using Symbolic Algebra",
	Year = "2012",
	Journal = "IFAC Symposium on Control in Transportation Systems",
	DOI = "10.3182/20120912-3-BG-2031.00035",
}
@article{Paper_3,
	Author = "Fokko van Dijk and Wan Fokkink and Gea Kolk and Paul van de Ven and Bas van Vlijmen",
	Title = "EURIS, a Specification Method for Distributed Interlockings",
	Year = "1998",
	Journal = "Computer Safety, Reliability and Security",
	DOI = "10.1007/3-540-49646-7_23",
}
@article{Paper_4,
	Author = "Niklaus H. Konig and George B. Raymond",
	Title = "Standards for functions and interfaces as a basis for CBTC on mainline railways in Europe",
	Year = "2003",
}
@article{Paper_5,
	Author = "Vinod Chandra and M.R. Verma",
	Title = "Fail-Safe Interlocking System for Railways",
	Year = "1991",
	Journal = "IEEE Design \& Test of Computers",
	DOI = "10.1109/54.75664",
}
@article{Paper_6,
	Author = "Kotaro Shimamura and Shinichiro Yamaguchi and Nobuyasu Kanekawa and Naoto Miyazaki and Hiromichi Yamada and Yoshitaka Takahashi and Teppei Hirotsu and Katsuichi Tornobe and Kazuyoshi Satoh and Takashi Hotta and Ryo Fujita",
	Title = "A Fail-safe Microprocessor Using Dual Synthesizable Processor Cores",
	Year = "1999",
	Journal = "AP-ASIC'99. First IEEE Asia Pacific Conference on ASICs (Cat. No.99EX360)",
	DOI = "10.1109/APASIC.1999.824026",
}
@article{Paper_7,
	Author = "Michele Banci and Alessandro Fantechi and Stefania Gnesi",
	Title = "Some experiences on Formal specification of Railway Interlocking Systems using Statecharts",
	Year = "2005",
}
@article{Paper_8,
	Author = "Radek Dobias and  Hana Kubatova",
	Title = "FPGA Based Desing of the Railway's Interlocking Equipments",
	Year = "2004",
	Journal = " Euromicro Symposium on Digital System Design",
	DOI = "10.1109/DSD.2004.1333312",
}
@article{Paper_9,
	Author = "Michele Banci and  Alessandro Fantechi",
	Title = "Geographical Versus Functional Modelling by Statecharts of Interlocking Systems",
	Year = "2005",
	Journal = "Electronic Notes in Theoretical Computer Science",
	DOI = "10.1016/j.entcs.2004.08.055",
}
@article{Paper_10,
	Author = "Kirsten Winter and  Neil J. Robinson",
	Title = "Modelling Large Railway Interlockings and Model Checking Small Ones",
	Year = "2003",
	Journal = "Australasian computer science conference ",
}
@article{Paper_11,
	Author = "Paolo Nesi and  Imad Zaza and  Pierfrancesco Bellini",
	Title = "Raiss-RAIlway Signalling : Safety and Security",
	Year = "2014",
}
@article{Paper_12,
	Author = "Imad Zaza",
	Title = "Report of a comparative analysis of the Interlocking Systems",
	Year = "2013",
}
@article{Paper_13,
	Author = "Muhammet Ali Oz  and  Ozgur Turay Kaymakcı  and  Ayhan Koyun",
	Title = "A safety related perspective for the power supply systems in railway industry",
	Year = "2017",
	Journal = "Eksploatacja i Niezawodnosc - Maintenance and Reliability",
	DOI = "10.17531/ein.2017.1.16",
}
@article{Paper_14,
	Author = "Phillip James",
	Title = "SAT-based Model Checking and its applications to Train Control Systems",
	Year = "2010",
}
@article{Paper_15,
	Author = "Tomoji Kishi and  Natsuko Noda",
	Title = "Software Design based on Architecture Conformance",
	Year = "1999",
}
@article{Paper_16,
	Author = "A.H. Cribbens",
	Title = "Solid-state interlocking (SSI): an integrated electronic signalling system for mainline railways",
	Year = "1987",
	Journal = "IEE Proceedings B - Electric Power Applications",
	DOI = "10.1049/ip-b.1987.0024",
}
@article{Paper_17,
	Author = "H Olsen and  M Owens",
	Title = "SSI - Australian Railways",
	Year = "2005",
}
@article{Paper_18,
	Author = "Dejan Lutovac and  Tatjana Lutovac",
	Title = "Towards an universal computer interlocking system",
	Year = "1998",
}
@article{Paper_19,
	Author = "Nazir Ahmad Zafar and  Sher Afzal Khan and  Keijiro Araki",
	Title = "Towards the safety properties of moving blockrailway interlocking system",
	Year = "2011",
	Journal = "International Journal of Innovative Computing, Information and Control",
}
@article{Paper_20,
	Author = "Basri Tugcan Celebi and  Ozgur Turay Kaymakci",
	Title = "Verifying the accuracy of interlocking tables for railway signalling systems using abstract state machines",
	Year = "2016",
	Journal = "Journal of Modern Transportation",
	DOI = "10.1007/s40534-016-0119-1",
}
@article{Paper_21,
	Author = "Mustafa S. Durmuş  and  Uğur Yıldırım  and  Oytun Eriş  and  Mehmet T. Söylemez",
	Title = "Safety-Critical Interlocking Software Development Process for Fixed-Block Signalization Systems",
	Year = "2012",
	Journal = "Symposium on Control in Transportation Systems",
	DOI = "10.3182/20120912-3-BG-2031.00034",
}
@article{Paper_22,
	Author = "Sharanbasappa Raghapur",
	Title = "Safety Integrity Level - an Overview for FPGA Engineers",
	Year = "2018",
}
@article{Paper_23,
	Author = "David Macii  and  Manuel Avancini  and  Luigi Benciolini  and  Stefano Dalpez  and  Michele Corra  and  Roberto Passerone",
	Title = "Design of a Redundant FPGA-based Safety System for Railroad Vehicles",
	Year = "2014",
	Journal = "Euromicro Conference on Digital System Design",
	DOI = "10.1109/DSD.2014.96",
}
@article{Paper_24,
	Title = "Safety design on FPGA’s using soft Lockstep Processors",
	Year = "2016",
}
@article{Paper_25,
	Title = "Safe FPGA Design Practices Safe FPGA Design Practices for Instrumentation and for Instrumentation and Control in Nuclear Plants",
}
@article{Paper_26,
	Title = "Developing Safety Critical Applications that Meet IEC 61508 Standards",
	Year = "2013",
}
@article{Paper_27,
	Title = "Safety Critical Applications",
	Year = "2012",
}
@article{Paper_28,
	Author = "Bruna F. Flesch  and  Bianca Brand  and  Rodrigo Marques de Figueiredo  and  Lucio Rene Prade  and   Marcio Rosa da Silva",
	Title = "Proposal of a functional safety methodology applied to fault tolerance in FPGA applications ",
	Year = "2016",
	Journal = "Latin-American Test Symposium (LATS)",
	DOI = "10.1109/LATW.2016.7483331",
}
@article{Paper_29,
	Author = "Emil Gracic  and  Ali Hayek  and  Josef Börcsök",
	Title = "Evaluation of FPGA Design Tools for Safety Systems with On-Chip Redundancy 
	Referring to the Standard IEC 61508",
	Year = "2017",
	Journal = "International Conference on System Reliability and Safety (ICSRS)",
	DOI = "10.1109/ICSRS.2017.8272853",
}
@article{Paper_30,
	Author = "Emil Gracic  and  Ali Hayek  and  Josef Börcsök",
	Title = "Implementation of a Fault-Tolerant System Using Safety-Related Xilinx Tools Conforming to the Standard IEC 61508",
	Year = "2016",
	Journal = "International Conference on System Reliability and Science (ICSRS)",
	DOI = "10.1109/ICSRS.2016.7815842",
}
@article{Paper_31,
	Author = "Ali Hayek  and  Josef Börcsök",
	Title = "SRAM-Based FPGA Design Techniques for Safety Related Systems Conforming to IEC 61508",
	Year = "2012",
	Journal = "International Conference on Advances in Computational Tools for Engineering Applications (ACTEA)",
	DOI = "10.1109/ICTEA.2012.6462892",
}
@article{Paper_32,
	Author = "Bai-gen Cai1  and  Cheng-ming Jin  and  Lian-chuan Ma  and  Yuan Cao  and  Hideo Nakamura",
	Title = "Analysis on the application of on-chip redundancy in the safety-critical system",
	Year = "2014",
	Journal = "EICE Electronics Expres",
	DOI = "10.1587/elex.11.20140153",
}
@article{Paper_33,
	Title = "Development of Safety Related Systems",
	Year = "2015",
}
@article{Paper_34,
	Title = "8 Reasons to Use FPGAs in IEC 61508 Functional Safety Applications",
	Year = "2013",
}
@article{Paper_35,
	Title = "Developing Functional Safety Systems with TÜV-Qualified FPGAs",
	Year = "2010",
}
@article{Paper_36,
	Title = "DO-254 for the FPGA Designer",
	Year = "2012",
}
@article{Paper_37,
	Title = "Isolation Design Flow for Xilinx 7 Series FPGAs or Zynq-7000 AP SoCs (ISE Tools)",
	Year = "2015",
}
@article{Paper_38,
	Title = "On Applying Software Development Best Practice to FPGAs in Safety-Critical Systems",
	Year = "2000",
}
@article{Paper_39,
	Title = "Functional safety in process instrumentation with SIL rating",
	Year = "2003",
}
@article{Paper_40,
	Title = "The Xilinx Isolation Design Flow for Fault-Tolerant Systems",
	Year = "2013",
}
@article{Paper_41,
	Title = "Isolation Design Flow for Xilinx 7 Series FPGAs or Zynq-7000 AP SoCs (Vivado Tools)",
	Year = "2016",
}
@article{Paper_42,
	Author = "Romuald Girardey  and  Michael Hübner  and  Jürgen Becker",
	Title = "Safety Aware Place and Route for On-Chip Redundancy in Safety Critical Applications",
	Year = "2010",
	Journal = "IEEE Computer Society Annual Symposium on VLSI",
	DOI = "10.1109/ISVLSI.2010.51",
}
@article{Paper_43,
	Author = "Keith S. Morgan  and  Daniel L. McMurtrey  and  Brian H. Pratt  and  Michael J. Wirthlin",
	Title = "A Comparison of TMR With Alternative Fault-Tolerant Design Techniques for FPGAs",
	Year = "2007",
	Journal = "IEEE Transactions on Nuclear Science",
	DOI = "10.1109/TNS.2007.910871",
}
@article{Paper_44,
	Author = "Zheng Wang  and  Chen-ge Geng1  and  Xiang-xian Chen  and  Dong Wang  and  Hai Huang  and  Ai-ai Guan",
	Title = "Modeling Safety-Critical System Requirements with 
	Hierarchical State Machine",
	Year = "2014",
	Journal = "International Conference on Information Science, Electronics and Electrical Engineering",
	DOI = "10.1109/InfoSEEE.2014.6947759",
}
@article{Paper_45,
	Author = "Mustafa Seçkin DURMUŞ",
	Title = "A control and automation engineering approach to railway interlocking system design",
	Year = "2014",
}
@article{Paper_46,
	Author = "Cinzia Bernardeschi  and  Luca Cassano  and  Andrea Domenici",
	Title = "SRAM-based FPGA Systems for Safety-Critical Applications: A Survey on Design Standards and Proposed Methodologies",
	Year = "2015",
	Journal = "Journal of Computer Science and Technology",
}
@article{Paper_47,
	Author = "Giulio Corradi  and  Romuald Girardey  and  Jürgen Becker",
	Title = "Xilinx tools facilitate development of FPGA Applications for IEC61508",
	Year = "2012",
	Journal = "NASA/ESA Conference on Adaptive Hardware and Systems (AHS)",
	DOI = "10.1109/AHS.2012.6268669",
}
@article{Paper_48,
	Author = "Yoshihiro Ichinomiya  and  Shiro Tanoue  and  Motoki Amagasaki  and  Masahiro Iida  and  Morihiro Kuga  and  Toshinori Sueyoshi",
	Title = "Improving the Robustness of a Softcore Processor against SEUs by using TMR and Partial Reconfiguration",
	Year = "2010",
	Journal = "IEEE Annual International Symposium on Field-Programmable Custom Computing Machines",
	DOI = "10.1109/FCCM.2010.16",
}
@article{Paper_49,
	Author = "Jahanzeb Anwer  and  Marco Platzner  and  Sebastian Meisner",
	Title = "FPGA Redundancy Configurations: An Automated 
	Design Space Exploration",
	Year = "2014",
	Journal = "IEEE International Parallel \& Distributed Processing Symposium Workshops",
	DOI = "10.1109/IPDPSW.2014.37",
}
@article{Paper_50,
	Author = "T. Tamandl  and  P. Preininger",
	Title = "Online Self Tests for Microcontrollers in Safety Related Systems",
	Year = "2007",
	Journal = "IEEE International Conference on Industrial Informatics",
	DOI = "10.1109/INDIN.2007.4384745",
}
@article{Paper_51,
	Author = "Andrzej Lewiński  and  Katarzyna Trzaska–Rycaj",
	Title = "The Safety Related Software for Railway Control with Respect to Automatic Level Crossing Signaling System",
	Year = "2010",
	Journal = "International Conference on Transport Systems Telematics",
}
@article{Paper_52,
	Author = "Haifeng Wang  and  Chunhai Gao  and  Shuo Liu",
	Title = "Model-based Software Development for Automatic 
	Train Protection System",
	Year = "2009",
	Journal = "Asia-Pacific Conference on Computational Intelligence and Industrial Applications (PACIIA)",
	DOI = "10.1109/PACIIA.2009.5406387",
}
@article{Paper_53,
	Author = "Mustafa Seçkin Durmuş  and  Oytun Eriş  and  Uğur Yildirim  and  Mehmet Turan Söylemez",
	Title = "A New Voting Strategy in Diverse Programming for Railway Interlocking Systems",
	Year = "2011",
	Journal = "International Conference on Transportation, Mechanical, and Electrical Engineering (TMEE)",
	DOI = "10.1109/TMEE.2011.6199304",
}
@article{Paper_54,
	Author = "Eui-jin Joung  and Kyung-ho Shin",
	Title = "Suggestions of Development Methodology for Railway Software",
	Year = "2008",
	Journal = "International Technical Conference on Circuits/Systems, Computers and Communications",
}
@article{Paper_55,
	Author = "Chris George  and  Anne Haxthausen",
	Title = "The logic of the RAISE specification language",
	Year = "2003",
	Journal = "Computing and Informatics",
	DOI = "10.1007/978-3-540-74107-7_7",
}
@article{Paper_56,
	Author = "John C. Knight",
	Title = "Safety Critical Systems: Challenges and Directions",
	Year = "2002",
	Journal = "International Conference on Software Engineering (ICSE)",
}
@article{Paper_57,
	Author = "Nuno Silva  and  Rui Lopes    ",
	Title = "Practical Experiences with real-world systems: Security in the World of Reliable and Safe Systems",
	Year = "2013",
	Journal = "Annual IEEE/IFIP Conference on Dependable Systems and Networks Workshop (DSN-W)",
	DOI = "10.1109/DSNW.2013.6615515",
}
@article{Paper_58,
	Title = "Aplicacion de normativa CENELEC a desarrollo y explotacion de material rodante",
}
@article{Paper_59,
	Author = "Stefano Bacherini  and  Simone Bianchi  and  Leonardo Capecchi  and  Carlo Becheri  and  Alessandro Felleca  and  Alessandro Fantechi  and  Emilio Spinicci",
	Title = "Modelling a Railway Signalling System using SDL",
}
@article{Paper_60,
	Title = "Model Driven Engineering of railway control systems with the openETCS process",
	Year = "2014",
}
@article{Paper_61,
	Author = "Henrik Jonsson  and  Stig Larsson  and  Sasikumar Punnekkat ",
	Title = "Agile Practices in Regulated Railway Software Development",
	Year = "2012",
	Journal = "International Symposium on Software Reliability Engineering Workshops",
	DOI = "10.1109/ISSREW.2012.80",
}
@article{Paper_62,
	Author = "Mustafa Seckin Durmus  and  Shigemasa Takai  and  Mehmet Turan Soylemez",
	Title = "Decision-Making Strategies in Fixed-Block Railway Signaling Systems: A Discrete Event Systems Approach",
	Year = "2015",
	Journal = "EEJ Transactions on Electrical and Electronic Engineering",
	DOI = "10.1002/tee.22052",
}
@article{Paper_63,
	Author = "G. Pinter  and  Z. Micskei  and  I. Majzik",
	Title = "Supporting design and development of safety critical applications by model based tools",
	Year = "2009",
}
@article{Paper_64,
	Author = "Mustafa Seçkin Durmuş  and  Uğur Yildirim  and  Mehmet Turan Söylemez",
	Title = "Application of Functional Safety on Railways Part I: Modelling \& Design",
	Year = "2011",
	Journal = "Asian Control Conference (ASCC)",
}
@article{Paper_65,
	Author = "Uğur Yildirim  and  Mustafa Seçkin Durmuş  and  Mehmet Turan Söylemez",
	Title = "Application of Functional Safety on Railways Part II: Software Development",
	Year = "2011",
	Journal = "Asian Control Conference (ASCC)",
}
@article{Paper_66,
	Title = "Design and RAMS analysis of railway interlocking systems using formal methods",
	Year = "2013",
}
@article{Paper_67,
	Author = "Andrea Ceccarelli  and  Istvan Majzik  and  Danilo Iovino  and  Fausto Caneschi  and  Gergely Pinter  and  Andrea Bondavalli ",
	Title = "A Resilient SIL 2 Driver Machine Interface for Train Control Systems",
	Year = "2008",
	Journal = "International Conference on Dependability of Computer Systems DepCoS-RELCOMEX",
	DOI = "10.1109/DepCoS-RELCOMEX.2008.33",
}
@article{Paper_68,
	Author = "Detlef Streitferdt  and  Armin Zimmermann  and  Jörg Schaffner  and  Michael Kallenbach ",
	Title = "Component-Wise Software Certification for Safety-Critical Embedded Devices",
	Year = "2017",
	Journal = "nnual Industrial Automation and Electromechanical Engineering Conference (IEMECON)",
	DOI = "10.1109/IEMECON.2017.8079584",
}
@article{Paper_69,
	Author = "Tom Mens  and  Jeff Magee  and  Bernhard Rumpe",
	Title = "Evolving software architecture descriptions of critical systems",
	Year = "2010",
	Journal = "IEEE Computer Society",
}
@article{Paper_70,
	Author = "CENELEC",
	Title = "EN 50126-1 Railway Applications - The Specification and Demonstration of Reliability, Availability, Maintainability and Safety (RAMS) - Part 1: Generic RAMS Process",
	Year = "2018",
}
@article{Paper_71,
	Author = "CENELEC",
	Title = "EN 50126-2 Railway Applications - The Specification and Demonstration of Reliability, Availability, Maintainability and Safety (RAMS) - Part 2: Systems Approach to Safety",
	Year = "2018",
}
@article{Paper_72,
	Author = "CENELEC",
	Title = "EN 50126-3 Railway applications. The specification and demonstration of reliability, availability, maintainability and safety (RAMS) Guide to the application of EN 50126-1 for rolling stock RAM",
	Year = "2008",
}
@article{Paper_73,
	Author = "CENELEC",
	Title = "EN 50126-4 Railway applications. The Specification and Demonstration of Reliability, Availability, Maintainability and Safety (RAMS). Part 4. Functional Safety. Electrical/Electronic/Programmable electronic systems",
	Year = "2012",
}
@article{Paper_74,
	Author = "CENELEC",
	Title = "EN 50126-5 Railway applications. The Specification and Demonstration of Reliability, Availability, Maintainability and Safety (RAMS). Part 5. Functional Safety. Software",
	Year = "2012",
}
@article{Paper_75,
	Author = "CENELEC",
	Title = "EN 50128 Railway applications - Communication, signalling and processing systems - Software for railway control and protection systems",
	Year = "2012",
}
@article{Paper_76,
	Author = "CENELEC",
	Title = "EN 50129 Railway applications - Communication, signalling and processing systems - Safety related electronic systems for signalling",
	Year = "2020",
}
@article{Paper_77,
	Author = "International Standard",
	Title = "IEC 61508-1-2010 Functional safety of electrical/electronic/programmable electronic safety-related systems - Part 1: General requirements",
	Year = "2010",
}
@article{Paper_78,
	Author = "International Standard",
	Title = "IEC 61508-2-2010 Functional safety of electrical/electronic/programmable electronic safety-related systems - Part 2: Requirements for electrical/electronic/programmable electronic safety-related systems",
	Year = "2010",
}
@article{Paper_79,
	Author = "International Standard",
	Title = "IEC 61508-3-2010 Functional safety of electrical/electronic/programmable electronic safety-related systems - Part 3: Software requirements",
	Year = "2010",
}
@article{Paper_80,
	Author = "International Standard",
	Title = "IEC 61508-4-2010 Functional safety of electrical/electronic/programmable electronic safety-related systems - Part 4: Definitions and abbreviations",
	Year = "2010",
}
@article{Paper_81,
	Author = "International Standard",
	Title = "IEC 61508-5-2010 Functional safety of electrical/electronic/programmable electronic safety-related systems - Part 5: Examples of methods for the determination of safety integrity levels",
	Year = "2010",
}
@article{Paper_82,
	Author = "International Standard",
	Title = "IEC 61508-6-2010 Functional safety of electrical/electronic/programmable electronic safety-related systems - Part 6: Guidelines on the application of IEC 61508-2 and IEC 61508-3",
	Year = "2010",
}
@article{Paper_83,
	Author = "International Standard",
	Title = "IEC 61508-7-2010 Functional safety of electrical/electronic/programmable electronic safety-related systems - Part 7: Overview of techniques and measures",
	Year = "2010",
}
@article{Paper_84,
	Author = "Qamar Mahboob  and  Enrico Zio",
	Title = "Handbook of RAMS in railway systems theory and practice",
	Year = "2018",
}
@article{Paper_85,
	Author = "Shiladitya Ghosh  and  Arindam Das  and  Nirvik Basak  and  Pallab Dasgupta  and  Alok Katiyar",
	Title = "Formal Methods for Validation and Test Point Prioritization in Railway Signaling Logic",
	Year = "2017",
	Journal = "IEEE Transactions on Intelligent Transportation Systems",
	DOI = "10.1109/TITS.2016.2586512",
}
@article{Paper_86,
	Author = "Aniqa Rehman  and  Saba Latif  and  Nazir Ahmad Zafar",
	Title = "Automata Based Railway Gate Control System at Level Crossing",
	Year = "2019",
	Journal = "International Conference on Communication Technologies (ComTech)",
	DOI = "10.1109/COMTECH.2019.8737833",
}
@article{Paper_87,
	Author = "Simon Chadwick  and  Phillip James  and  Markus Roggenbach  and  Tom Wetner",
	Title = "Formal Methods for Industrial Interlocking Verification",
	Year = "2018",
	Journal = "International Conference on Intelligent Rail Transportation (ICIRT)",
	DOI = "10.1109/ICIRT.2018.8641579",
}
@article{Paper_88,
	Author = "B. Aristyo  and  K. Pradityo  and  T.A. Tamba  and  Y.Y. Nazaruddin  and  A. Widyotriatmo",
	Title = "Model Checking-based Safety Verification of a Petri Net Representation of Train Interlocking Systems",
	Year = "2018",
	Journal = "Annual Conference of the Society of Instrument and Control Engineers of Japan (SICE)",
	DOI = "10.23919/SICE.2018.8492661",
}
@article{Paper_89,
	Author = "Quentin Cappart  and  Christophe Limbrée  and  Pierre Schaus  and  Jean Quilbeuf  and  Louis-Marie Traonouez  and  Axel Legay",
	Title = "Verification of Interlocking Systems Using Statistical Model Checking",
	Year = "2017",
	Journal = "International Symposium on High Assurance Systems Engineering (HASE)",
	DOI = "10.1109/HASE.2017.10",
}
@article{Paper_90,
	Author = "Qinghong Qu",
	Title = "Research on Life Evaluation of Computer Interlocking System Based on Neural Network",
	Year = "2018",
	Journal = "International Conference on Sensing,Diagnostics, Prognostics, and Control (SDPC)",
	DOI = "10.1109/SDPC.2018.8664937",
}
@article{Paper_91,
	Author = "Jacek Mocki  and  Ljubo Vlacic",
	Title = "Railway interlocking process - Building a base for formal methods",
	Year = "2013",
	Journal = "IEEE International Conference on Intelligent Rail Transportation Proceedings",
	DOI = "10.1109/ICIRT.2013.6696284",
}
@article{Paper_92,
	Author = "GuangWu Chen  and  DuoWang Fan  and  JuHua Yang",
	Title = "Research and Implementation of Fault-Tolerant Computer Interlocking System",
	Year = "2010",
	Journal = "International Conference on Computational Intelligence and Software Engineering",
	DOI = "10.1109/CISE.2010.5676767",
}
@article{Paper_93,
	Author = "Mehmet T. Söylemez and  Mustafa S. Durmuş and  Uğur Yıldırım and  Serhat Türk and  Arcan Sonat",
	Title = "The Application of Automation Theory to Railway Signalization Systems: The Case of Turkish National Railway Signalization Project",
	Year = "2011",
	Journal = "IFAC World Congress",
	DOI = "10.3182/20110828-6-IT-1002.03755",
}
@article{Paper_94,
	Author = "Uğur Yildirim and  Mustafa Seçkin Durmus  and  Mehmet Turan Söylemez",
	Title = "Fail-Safe Signalization and Interlocking Design for a Railway Yard: An Automation Petri Net Approach",
	Year = "2010",
	Journal = "International Symposium on Intelligent and Manufacturing Systems",
}
@article{Paper_95,
	Author = "Bidhan Malakar  and   B.K. Roy",
	Title = "Railway Fail-Safe Signalization and Interlocking  Design Based On Automation Petri Net",
	Year = "2014",
	Journal = "International Conference on Information Communication and Embedded Systems ",
	DOI = "10.1109/ICICES.2014.7034154",
}
@article{Paper_96,
	Title = "Fail-Safe Signalization Design for a Railway Yard: A Level Crossing Case",
	Year = "2010",
	Journal = "IFAC World Congress",
	DOI = "10.3182/20100830-3-DE-4013.00056",
}
@article{Paper_97,
	Title = "Triple module redundancy design techniques for Virtex FPGAs",
	Year = "2001",
}
@article{Paper_98,
	Author = "F.L. Kastensmidt  and  L. Sterpone  and  L. Carro  and  M.S. Reorda",
	Title = "On the optimal design of triple modular redundancy logic for SRAM-based FPGAs",
	Year = "2005",
	Journal = "Design, Automation and Test in Europe",
	DOI = "10.1109/DATE.2005.229",
}
@article{Paper_99,
	Author = "Muhammet Ali Nur Oz and  Ibrahim Sener and  Ozgür Turay Kaymakcı and  Ilker Ustoğlu and  Galip Cansever",
	Title = "Topology Based Automatic Formal Model Generation for Point Automation Systems",
	Year = "2015",
	Journal = "Informartion technology and control",
	DOI = "10.5755/j01.itc.44.1.7382",
}
@article{Paper_100,
	Author = "Lidong Zhang",
	Title = "Railway Signal Interlocking Logic Simulation System",
	Year = "2019",
	Journal = "International Conference on Control and Computer Vision",
	DOI = "10.1145/3341016.3341017",
}
@article{Paper_101,
	Author = "Wai Wong ",
	Title = "A Simple Graph Theory and Its Application in Railway Signalling ",
	Year = "2002",
	Journal = "International Workshop on the HOL Theorem Proving System and Its Applications",
	DOI = "10.1109/HOL.1991.596304",
}
@article{Paper_102,
	Author = "Dong Wang and Xiangxian Chen and Hai Huang",
	Title = "A graph theory based new approach to route location in railway interlocking",
	Year = "2013",
	Journal = "Computers \& Industrial Engineering",
	DOI = " 10.1016/j.cie.2013.09.019",
}
@article{Paper_103,
	Author = "Inge Bethke",
	Title = "Selecting sets of disjoint paths in a railway graph",
	Year = "2005",
	Journal = "Graduate project",
}
@article{Paper_104,
	Title = "All Aboard with Xilinx Exploring the Future of Trains and Railways",
	Year = "2020",
}
@article{Paper_105,
	Title = "Railway and Industry Business Expertise",
	Year = "2020",
}
@article{Paper_106,
	Author = "Xilinx Webinar",
	Title = "SOC for Railway Train \& Railways",
	Year = "2020",
}
@article{Paper_107,
	Author = "Mark Bosschaart  and  Egidio Quaglietta  and  Bob Janssen  and  Rob M. P. Goverde",
	Title = "Efficient formalization of railway interlocking data in RailML",
	Year = "2015",
	Journal = "Information Systems",
	DOI = "10.1016/j.is.2014.11.007",
}
@article{Paper_108,
	Author = "Morten P. Lindegaard  and  Peter Viuf  and  Anne E. Haxthausen",
	Title = "Modelling Railway Interlocking system",
	Year = "2000",
	Journal = "IFAC Control in Transportation Systems",
	DOI = "10.1016/S1474-6670(17)38143-0",
}
@article{Paper_109,
	Title = "IRS 30100 -RailTopoModel - Railway infrastructure topological model",
	Year = "2016",
	Journal = "International Union of Railways",
}
@article{Paper_110,
	Title = "Normas para los cruces entre caminos y vias ferreas",
}
@article{Paper_111,
	Title = "Arty Evaluation Board Tutorial LwIP Applications for the Arty Evaluation Board",
	Year = "2015",
}
@article{Paper_112,
	Title = "Using railML for Exchanging Timetable Data",
	Year = "2017",
}
@article{Paper_113,
	Author = "Shiladitya Ghosh  and  Arindam Das  and  Nirvik Basak  and  Pallab Dasgupta  and  Alok Katiyar ",
	Title = "Formal Methods for Validation and Test Point Prioritization in Railway Signaling Logic",
	Year = "2016",
	Journal = "IEEE Transactions on intelligent transportation systems",
	DOI = "10.1109/TITS.2016.2586512",
}
@article{Paper_114,
	Author = "Arindam Das  and  Manoj Kumar Gangwar  and  Devleena Ghosh  and  Chittaranjan Mandal  and  Anirban Sengupta  and  M. Mubashshir Waris",
	Title = "Automatic Generation of Route Control Chart From Validated Signal Interlocking Plan",
	Year = "2020",
	Journal = "IEEE Transactions on intelligent transportation systems",
	DOI = "10.1109/TITS.2020.2993794",
}
@article{Paper_115,
	Author = "Michael Huber  and  Steve King",
	Title = "Towards an Integrated Model Checker for Railway Signalling Data",
	Year = "2002",
	Journal = "International Symposium of Formal Methods Europe",
}
@article{Paper_116,
	Author = "A. Drozd  and  V. Kharchenko  and  A. Siora  and   V. Sklyar ",
	Title = "Component-Based Safety-Oriented On-Line Testing of Digital Systems",
	Year = "2010",
	Journal = "Component-Based Safety-Oriented On-Line Testing of Digital Systems",
	DOI = "10.1109/EWDTS.2010.5742122",
}
@article{Paper_117,
	Author = "Julia Drozd  and  Alex Drozd  and  Svetlana Antoshchuk  and  Vyacheslav Kharchenko",
	Title = "Natural development of the resources in design and testing of the computer systems and their components",
	Year = "2013",
	Journal = "International Conference on Intelligent Data Acquisition and Advanced Computing Systems (IDAACS)",
	DOI = "10.1109/IDAACS.2013.6662656",
}
@article{Paper_118,
	Author = "Ievgenii Bakhmach  and  Vyacheslav Kharchenko  and  Alexander Siora  and  Volodymyr Sklyar  and  Anton Andrashov",
	Title = "Experience of I\&C systems modernization using FPGA technology",
	Year = "2010",
	Journal = "American Nuclear Society International Topical Meeting on Nuclear Plant Instrumentation, Control and Human-Machine Interface",
}
@article{Paper_119,
	Author = "D. Sabena  and  L. Sterpone  and  Mario Schölzel  and  Tobias Koal  and  H.T. Vierhaus  and  S. Wong  and  R. Glein and  F. Rittner and  C. Stender  and  M. Porrmann and  J. Hagemeyer",
	Title = "Reconfigurable High Performance Architectures: How much are they ready for safety-critical applications?",
	Year = "2014",
	Journal = "IEEE European Test Symposium (ETS)",
	DOI = "10.1109/ETS.2014.6847820",
}
@article{Paper_120,
	Author = "A. Drozd  and  V. Kharchenko  and  S. Antoshchuk  and   J. Sulima  and  M. Drozd",
	Title = "Checkability of the Digital Components in Safety-Critical Systems: Problems and Solutions",
	Year = "2011",
	Journal = "East-West Design \& Test Symposium (EWDTS)",
	DOI = "10.1109/EWDTS.2011.6116606",
}
@article{Paper_121,
	Author = "M. Drozd  and  A. Drozd",
	Title = "Safety-Related Instrumentation and Control Systems and a Problem of the Hidden Faults",
	Year = "2014",
	Journal = "International Conference on Digital Technologies (DT)",
	DOI = "10.1109/DT.2014.6868692",
}
@article{Paper_122,
	Author = "A. Drozd  and  V. Kharchenko  and  S. Antoshchuk  and  J. Drozd  and  M. Lobachev  and  J. Sulima
	",
	Title = "The Use of Natural Resources for Increasing a Checkability of the Digital Components in Safety-Critical Systems",
	Year = "2013",
	Journal = "East-West Design \& Test Symposium (EWDTS)",
	DOI = "10.1109/EWDTS.2013.6673209",
}
@article{Paper_123,
	Author = "Chang-Kuo Chen",
	Title = "A Petri net design of FPGA-based controller for a class of nuclear I\&C systems",
	Year = "2011",
	Journal = "Institute of Nuclear Energy Research",
	DOI = "10.1016/j.nucengdes.2011.04.004",
}
@article{Paper_124,
	Author = "Ievgenii Bakhmach  and  Vyacheslav Kharchenko  and  Alexander Siora  and  Volodymyr Sklyar  and  Victor Tokarev",
	Title = "Advanced I\&C systems for NPPS based on FPGA technology:European experience",
	Year = "2009",
	Journal = "International Conference on Nuclear Engineering",
}
@article{Paper_125,
	Author = "Vyacheslav Kharchenko",
	Title = "Diversity for Safety and Security of Embedded and Cyber Physical Systems:Fundamentals Review and Industrial Cases",
	Year = "2016",
	Journal = "Biennial Baltic Electronics Conference (BEC)",
	DOI = "10.1109/BEC.2016.7743719",
}
@article{Paper_126,
	Author = "Julia Drozd  and  Oleksandr Drozd  and  Svetlana Antoshchuk  and  Alex Kushnerov  and  Valery Nikul",
	Title = "Effectiveness of Matrix and Pipeline FPGA-Based Arithmetic Components of Safety-Related Systems",
	Year = "2015",
	Journal = "International Conference on Intelligent Data Acquisition and Advanced Computing Systems: Technology and Applications (IDAACS)",
	DOI = "10.1109/IDAACS.2015.7341410",
}
@article{Paper_127,
	Author = "V. Kharchenko  and  E. Babeshko  and  V. Sklyar  and  A. Siora  and  V. Tokarev",
	Title = "Combined Implementation of Dependability Analysis Techniques for NPP I\&C Systems Assessment",
	Year = "2011",
	Journal = "Energy and Power Engineering",
}
@article{Paper_128,
	Author = "Volodymyr Sklyar  and  Vyacheslav Kharchenko  and  Alexander Siora  and  Sergey Malokhatko  and  Victor Golovir  and  Yuriy Beliy",
	Title = "Reliability and Availability Analysis of FPGA-based Instrumentation and Control Systems",
	Year = "2011",
	Journal = "International Conference The Experience of Designing and Application of CAD Systems in Microelectronics (CADSM)",
}
@article{Paper_129,
	Author = "Anton Andrashov  and  Vyacheslav Kharchenko  and  Volodymir Sklyar  and  Alexander Siora  and  Lubov Reva",
	Title = "Verification of FPGA-based NPP I\&C systems: general approach and techniques",
	Year = "2011",
	Journal = "International Conference on Nuclear Engineering",
}
@article{Paper_130,
	Author = "V. Kharchenko  and  V. Sklyar  and  O. Odarushchenko  and  A. Ivasuyk",
	Title = "Fault-Injection Testing: FIT-Ability, Optimal Procedure and Tool for FPGA-Based Systems SIL Certification",
	Year = "2013",
	Journal = "East-West Design \& Test Symposium (EWDTS)",
	DOI = "10.1109/EWDTS.2013.6673129",
}
@article{Paper_131,
	Author = "Vyacheslav Kharchenko  and  Alexander Siora  and  Volodymyr Sklyar  and  Andriy Volkoviy  and  Volodymyr Bezsaliy",
	Title = "Multi-diversity versus common cause failures: FPGA-based multi-version NPP I\&C systems",
	Year = "2010",
	Journal = "International Topical Meeting on Nuclear Plant Instrumentation, Control, and Human-Machine Interface Technologies (NPIC \& HMIT)",
}
@article{Paper_132,
	Author = "Vyacheslav S. Kharchenko  and  Vyacheslav S. Kharchenko  and  Alexandr A. Siora  and  Vladimir V. Sklyar  and  Viktor I. Tokarev",
	Title = "Diversity-oriented FPGa-based NPP I\&C systems: safety assesment, development, implementation",
	Year = "2010",
	Journal = "International Conference on Nuclear Engineering",
	DOI = "10.1115/ICONE18-29754",
}
@article{Paper_133,
	Author = "Alexander Siora  and  Volodymyr Sklyar  and  Yuriy Rozen  and  Svetlana Vinogradskaya  and  Svetlana Vinogradskaya",
	Title = "Licensing principles of FPGA-based NPP I\&C systems",
	Year = "2009",
	Journal = "International Conference on Nuclear Engineering",
	DOI = "10.1115/ICONE17-75270",
}
@article{Paper_134,
	Author = "G. Y. Park  and  C. H. Jung  and  D. I. Kim",
	Title = "A Study on the Verification and Validation of Programmable Logic Component in A Nuclear Power Plant",
	Year = "2007",
	Journal = "Korean Nuclear Society",
}
@article{Paper_135,
	Author = "A. Fernández-León  and  A. Pouponnot  and  S. Habinc",
	Title = "ESA FPGA Task Force: Lessons Learned",
}
@article{Paper_136,
	Author = "G.Y. Park  and  Y.J. Yu  and  H. T. Kim  and  Y.I. Kwon  and  H.S. Park  and  C. H. Jeong",
	Title = "Regulatory Issues on Using Programmable Logic Device in Nuclear Power Plants",
	Year = "2012",
	Journal = "Korean Nuclear Society",
}
@article{Paper_137,
	Author = "Cinzia Bernardeschi  and  Luca Cassano  and  Andrea Domenici",
	Title = "SRAM-Based FPGA Systems for Safety-Critical Applications: A Survey on Design Standards and Proposed Methodologies",
	Year = "2013",
	Journal = "Journal of Computer Science and Technology",
	DOI = "10.1007/s11390-015-1530-5",
}
@article{Paper_138,
	Author = "Manoj Kumar  and  Ashutosh Kabra  and  G. Karmakar  and  P.P Marathe",
	Title = "A Review of Defences against Common Cause Failures in Reactor Protection Systems",
	Year = "2015",
	Journal = "International Conference on Reliability, Infocom Technologies and Optimization (ICRITO)",
	DOI = "10.1109/ICRITO.2015.7359232",
}
@article{Paper_139,
	Author = "Algirdas Avizienis  and  Jean-Claude Laprie  and  Brian Randell  and  Carl Landwehr",
	Title = "Basic Concepts and Taxonomy of Dependable and Secure Computing",
	Year = "2004",
	Journal = "IEEE Transactions on Dependable and Secure Computing",
	DOI = "10.1109/TDSC.2004.2",
}
@article{Paper_140,
	Author = "Vyacheslav Kharchenko  and  Vladimir Sklyar  and  Andriy V. Volkoviy",
	Title = "Defence-in-Depth and Diversity Analysis of FPGA-Based NPP I\&C Systems: Conception, Technique and Tool",
	Year = "2012",
	Journal = "International Conference on Nuclear Engineering and the ASME",
	DOI = "10.1115/ICONE20-POWER2012-54349",
}
@article{Paper_141,
	Author = "Bjørnar Luteberget  and  Christian Johansen",
	Title = "Efficient verification of railway infrastructure designs against standard regulations",
	Year = "2017",
	DOI = "10.1007/s10703-017-0281-z",
}
@article{Paper_142,
	Author = "Durmuş and  M. S.  and  Takai and  S.  and  Söylemez and  M. T. ",
	Title = "Fault Diagnosis in Fixed-Block Railway Signaling Systems: A DiscreteEvent Systems Approach",
	Year = "2014",
	Journal = "EEJ Transactions on electrical and electronic engineering",
	DOI = "10.1002/tee.22001",
}
@article{Paper_143,
	Author = "Muhammed Ali Nur Oz  and  Ibrahim Sener  and  Ozgur Turay Kaymakci  and   Ilker Ustoglu  and  Galip Cansever
	",
	Title = "A Tool for Automatic Formal Modeling of Railway Interlocking Systems",
	Year = "2015",
	Journal = "International Conference on Computer as a Tool (EUROCON)",
	DOI = "10.1109/EUROCON.2015.7313752",
}
@article{Paper_144,
	Author = "Antonio Hernando  and  Roberto Maestre  and  Eugenio Roanes-Lozano",
	Title = "A New Algebraic Approach to Decision Making in a RailwayInterlocking System Based on Preprocess",
	Year = "2018",
	Journal = "Mathematical Problems in Engineering ",
	DOI = "10.1155/2018/4982974",
}
@article{Paper_145,
	Author = "Jing Liu  and  Yan Zhang  and  Jiazhen Han  and  Jifeng He  and  Junfeng Sun  and  Tingliang Zhou",
	Title = "Intelligent Hazard-Risk Prediction Modelfor Train Control Systems",
	Year = "2020",
	Journal = "IEEE Transactions on intelligent transportation systems",
	DOI = "10.1109/TITS.2019.2945333",
}
@article{Paper_146,
	Author = "Tao Ye and  Xi Zhang and  Yi Zhang and  Jie Liu",
	Title = "Towards a Railway Topology Ontology toIntegrate and Query Rail Data Silos",
	Journal = "International Semantic Web Conference",
}
@article{Paper_147,
	Author = "Genfeng Liu  and  Zhongsheng Hou",
	Title = "Railway Traffic Object Detection Using DifferentialFeature Fusion Convolution Neural Network",
	Year = "2020",
	Journal = "IEEE Transactions on intelligent transportation systems",
	DOI = "10.1109/TITS.2020.2969993",
}
@article{Paper_148,
	Title = "Adaptive Iterative Learning Control for SubwayTrains Using Multiple-Point-Mass DynamicModel Under Speed Constraint",
	Year = "2020",
	Journal = "IEEE Transactions on intelligent transportation systems",
	DOI = "10.1109/TITS.2020.2970000",
}
@article{Paper_149,
	Title = "Feasibility study RailTopoModel",
	Year = "2013",
	Journal = "International Union of Railways",
}
@article{Paper_150,
	Author = "Adam Hlubuček",
	Title = "RailTopoModel and RailML3 in overall context",
	Year = "2017",
	Journal = "Acta Polytechnica CTU Proceedings",
	DOI = "10.14311/APP.2017.11.0016",
}
@article{Paper_151,
	Author = "Jaromír Široký  and  Petr Nachtigall  and  Erik Tischer  and  Jozef Gašparík",
	Title = "Simulation of Railway Lines with a Simplified Interlocking System",
	Year = "2021",
	Journal = "MDPI",
	DOI = "10.3390/su13031394",
}
@article{Paper_152,
	Author = "Akram Idani  and  Yves Ledru  and  German Vega",
	Title = "Alliance of model-driven engineering with a proof-based formal",
	Year = "2020",
	Journal = "Innovations in Systems and Software Engineering",
	DOI = "10.1007/s11334-020-00366-3",
}
@article{Paper_153,
	Title = "Reliability, Safety and Security of railway systems",
	Year = "2016",
	Journal = "First International Conference, RSSRail 2022",
	DOI = "10.1007/978-3-031-05814-1",
}
@article{Paper_154,
	Author = "Chen Zheng  and  Samir Assaf  and  Benoît Eynard",
	Title = "Towards modelling and standardisation techniques for railway infrastructure",
	Year = "2018",
	Journal = "Product Lifecycle Management and the Industry of the Future",
	DOI = "10.1007/978-3-319-72905-3_23",
}
@article{Paper_155,
	Author = "Simon Busard and   Quentin Cappart  and  Christophe Limbree  and  Charles Pecheur  and  Pierre Schaus",
	Title = "Verification of railway interlocking systems",
	Year = "2015",
	Journal = "International Workshop on Engineering Safety and Security Systems",
	DOI = "10.4204/EPTCS.184.2",
}

@article{Paper_157,
	Author = "Alessio Ferrari and  Franco Mazzanti and  Davide Basile and  Maurice ter Beek and  ",
	Title = "Systematic Evaluation and Usability Analysis of Formal Tools for Railway System Design",
	Year = "2021",
	Journal = "IEEE Transactions On Software Engineering",
	DOI = "10.1109/TSE.2021.3124677",
}
@article{Paper_158,
	Author = "Mahendrini Fernando Ariyachandra and  Ioannis Brilakis",
	Title = "Application of Railway Topology for the Automated Generation of Geometric Digital Twins of Railway Masts",
	Year = "2021",
	Journal = "European Conference on Product \& Process Modelling",
	DOI = "10.1201/9781003191476-52",
}
@article{Paper_159,
	Author = "Andrew Nash and  Daniel Huerlimann and  Joerg Schuette and Vasco Paul Krauss",
	Title = "RailML – A standard data interface for railroad applications",
	Year = "2004",
	Journal = "Comprail",
}
@article{Paper_160,
	Author = "Alexei Iliasov and  Dominic Taylor and  Linas Laibinis and  Alexander Romanovsky",
	Title = "Practical Verification of Railway Signalling Programs",
	Year = "2022",
	Journal = "IEEE Transactions on Dependable and Secure Computing",
	DOI = "10.1109/TDSC.2022.3141555",
}
@article{Paper_161,
	Author = "Tim Gonschorek and  Ludwig Bedau and  Frank Ortmeier",
	Title = "Automatic Model-based Verification of Railway Interlocking Systems using Model Checking",
	Year = "2018",
	Journal = "Proceedings of ESREL",
}
@article{Paper_162,
	Author = "Ivan Ristic",
	Title = "Automated development of railway signalling control tables: A case study from Serbia",
	Year = "2023",
	Journal = "Mechatronics and Intelligent Transportation Systems",
	DOI = "10.56578/mits020404",
}
@article{Paper_163,
	Author = "Antonio Hernando and  Eugenio Roanes-Lozano and  Jose Luis Galan-Garcıa and  Gabriel Aguilera-Venegas",
	Title = "Decision making in railway interlocking systems based on calculating the remainder of dividing a polynomial by a set of polynomials",
	Year = "2023",
	Journal = "Electronic Research Archive",
	DOI = "10.3934/era.2023313",
}
@article{Paper_164,
	Author = "Gabor Lukács and  Tamas Bartha ",
	Title = "Formal Modeling and Verification of the Functionality of Electronic Urban Railway Control Systems Through a Case Study",
	Year = "2022",
	Journal = "Urban Rail Transit ",
	DOI = "10.1007/s40864-022-00177-8",
}
@article{Paper_165,
	Author = "Davide Basile and  Franco Mazzanti and  Alessio Ferrari ",
	Title = "Experimenting with Formal Verification and Model-Based Development in Railways: The Case of UMC and Sparx Enterprise Architect",
	Year = "2023",
	Journal = "Formal Methods for Industrial Critical Systems",
	DOI = "10.1007/978-3-031-43681-9_1",
}
@article{Paper_166,
	Author = "Anne E. Haxthausen and  Alessandro Fantechi and  Gloria Gori ",
	Title = "Decomposing the Verification of Interlocking Systems",
	Year = "2023",
	Journal = "Lecture Notes in Computer Science",
	DOI = "10.1007/978-3-031-40132-9_7",
}
@article{Paper_167,
	Author = "Phillip James and  Faron Moller and  Markus Roggenbach",
	Title = "Software Model Checking of Interlocking Programs",
	Year = "2023",
	Journal = "Lecture Notes in Computer Science",
	DOI = "10.1007/978-3-031-40132-9_9",
}
@article{Paper_168,
	Author = "Markus Heinrich and  Tsvetoslava Vateva-Gurova and  Tolga Arul and  Stefan Katzenbeisser and  Neeraj Suri and  Henk Birkholz and  Andreas Fuchs and  Christoph Krauß and  Maria Zhdanova and  Don Kuzhiyelil and  Sergey Tverdyshev and  Christian Schlehuber",
	Title = "Security Requirements Engineering in Safety-Critical Railway Signalling Networks",
	Year = "2018",
	Journal = "Security and Communication Networks",
	DOI = "10.1155/2019/8348925",
}
@article{Paper_169,
	Author = "Morten Aanes and  Hoang Phuong Thai",
	Title = "Modelling and Verification of Relay Interlocking Systems",
	Year = "2012",
}
@article{Paper_170,
	Author = "Anne E. Haxthausen",
	Title = "Automated generation of formal safety conditions from railway interlocking tables",
	Year = "2013",
	Journal = "International Journal on Software Tools for Technology Transfer",
	DOI = "10.1007/s10009-013-0295-9",
}
@article{Paper_171,
	Author = "Franco Mazzanti and  Alessio Ferrari and  Giorgio O. Spagnolo",
	Title = "Towards formal methods diversity in railways: an experience report with seven frameworks",
	Year = "2018",
	Journal = "International Journal on Software Tools for Technology Transfer",
	DOI = "10.1007/s10009-018-0488-3",
}
@article{Paper_172,
	Author = "Alessio Ferrari and  Alessandro Fantechi and  Stefania Gnesi and  Gianluca Magnani",
	Title = "Model-Based Development and Formal Methods in the Railway Industry",
	Year = "2013",
	Journal = "IEEE Software",
	DOI = "10.1109/MS.2013.44",
}
@article{Paper_173,
	Author = "Haoxiang Su and  Ming Chai and  Hongjie Liu and  Jinchuan Chai and  Chaopeng Yue",
	Title = "A Model-Based Testing System for Safety of Railway Interlocking",
	Year = "2022",
	Journal = "International Conference on Intelligent Transportation Systems (ITSC)",
	DOI = "10.1109/ITSC55140.2022.9922557",
}
@article{Paper_174,
	Author = "Shiladitya Ghosh and  Arindam Das and  Nirvik Basak and  Pallab Dasgupta and  Alok Katiyar",
	Title = "Formal Methods for Validation and Test Point Prioritization in Railway Signaling Logic",
	Year = "2016",
	Journal = "IEEE Transactions on Intelligent Transportation Systems",
	DOI = "10.1109/TITS.2016.2586512",
}
@article{Paper_175,
	Author = "Rail Safety and Standards Board (RSSB)",
	Title = "Block System Interface Requirements",
	Year = "2013",
}
@article{Paper_176,
	Author = "Rail Safety and Standards Board (RSSB)",
	Title = "Signalling Principles Handbook: Interlocking Principles (Former Railway Group Standard GK/RT0060) - NR/L2/SIG/30009/GKRT0060",
	Year = "2020",
}
@article{Paper_177,
	Author = "Alexei Iliasov and  Alexander Romanovsky",
	Title = "Formal Analysis of Railway Signalling Data",
	Year = "2016",
	Journal = "International Symposium on High Assurance Systems Engineering (HASE)",
	DOI = "10.1109/HASE.2016.44",
}
@article{Paper_178,
	Author = "Alexei Iliasov and  Alexander Romanovsky",
	Title = "SafeCap Domain Language for Reasoning about Safety and Capacity",
	Year = "2012",
	Journal = "Workshop on Dependable Transportation Systems/Recent Advances in Software Dependability",
	DOI = "10.1109/WDTS-RASD.2012.11",
}
@article{Paper_179,
	Author = "Lidong Zhang",
	Title = "Railway Signal Interlocking Logic Simulation System",
	Year = "2019",
	Journal = "Proceedings of the 2nd International Conference on Control and Computer Vision",
	DOI = "10.1145/3341016.3341017",
}
@article{Paper_180,
	Author = "Eugenio Roanes-Lozano and  Luis M. Laita",
	Title = "An applicable topology independent model for railway interlocking systems",
	Year = "1998",
	Journal = "Mathematics and Computers in Simulation (MATCOM)",
	DOI = "10.1016/S0378-4754(97)00093-1",
}
@article{Paper_181,
	Author = "Alessio Ferrari and  Alessandro Fantechi and  Gianluca Magnani and  Daniele Grasso and  Matteo Tempestini",
	Title = "The Metro Rio case study",
	Year = "2013",
	Journal = "Science of Computer Programming",
	DOI = "10.1016/j.scico.2012.04.003",
}
@article{Paper_182,
	Author = "Ahmet Kuzu and  Ozgur Songuler and  Arcan Sonat and  Serhat Turk and  Berkin Birol and  Ersin H. Dogruguven",
	Title = "Automatic interlocking table generation from railway topology",
	Year = "2011",
	Journal = "IEEE International Conference on Mechatronics",
	DOI = "10.1109/ICMECH.2011.5971206",
}
@article{Paper_183,
	Author = "Alessio Ferrari and  Franco Mazzanti and  Davide Basile and  Maurice H. ter Beek and  Alessandro Fantechi",
	Title = "Comparing Formal Tools for System Design: a Judgment Study",
	Year = "2020",
	Journal = "IEEE/ACM 42nd International Conference on Software Engineering (ICSE)",
}
@article{Paper_184,
	Author = "Alessio Ferrari and  Maurice H. ter Beek and  Franco Mazzanti and  Davide Basile and  Alessandro Fantechi and  Stefania Gnesi and  Andrea Piattino and  Daniele Trentini",
	Title = "Survey on Formal Methods and Tools in Railways: The ASTRail Approach",
	Year = "2019",
	DOI = "10.1007/978-3-030-18744-6_15",
}
@article{Paper_185,
	Author = "Angelo Chiappini and  Alessandro Cimatti and  Luca Macchi and  Berardino Vittorini",
	Title = "Formalization and validation of a subset of the European Train Control System",
	Year = "2010",
	Journal = "ACM/IEEE 32nd International Conference on Software Engineering",
	DOI = "10.1145/1810295.1810312",
}
@article{Paper_186,
	Author = "Jerome Falampin and  Hung Le-Dang and  Michael Leuschel and  Daniel Plagge",
	Title = "Improving Railway Data Validation with ProB",
	Year = "2013",
	Journal = "Industrial Deployment of System Engineering Methods",
	DOI = "10.1007/978-3-642-33170-1_4",
}
@article{Paper_187,
	Author = "Alexei Iliasov and  Paulius Stankaitis and  David Ebo Adjepon-Yamoah",
	Title = "Static Verification of Railway Schema and Interlocking Design Data",
	Year = "2016",
	Journal = "Proceedings of Reliability, Safety, and Security of Railway Systems(RSSRail)",
	DOI = "10.1007/978-3-319-33951-1_9",
}
@article{Paper_188,
	Author = "Alessio Ferrari and  Maurice ter Beek",
	Title = "Formal Methods in Railways: A Systematic Mapping Study",
	Year = "2022",
	Journal = "ACM Computing Surveys",
	DOI = "10.1145/3520480",
}
@article{Paper_189,
	Author = "Alexei Iliasov and  Dominic Taylor and  Linas Laibinis and  Alexander Romanovsky",
	Title = "Formal Verification of Signalling Programs with SafeCap",
	Year = "2018",
	Journal = "International Conference on Computer Safety, Reliability and Security",
	DOI = "10.1007/978-3-319-99130-6_7",
}
@article{Paper_190,
	Author = "Patrick Behm and  Paul Benoit and  Alain Faivre and  Jean-Marc Meynadier",
	Title = "Meteor A Successful Application of B in a Large Project",
	Year = "1999",
	Journal = "International Symposium on Formal Methods",
}
@article{Paper_191,
	Author = "Frederic Badeau and  Arnaud Amelot",
	Title = "Using B as a High Level Programming Language in an Industrial Project: Roissy VAL",
	Year = "2005",
	DOI = "10.1007/11415787_20",
}
@article{Paper_192,
	Author = "Michael Butler and  Philipp Korner and  Sebastian Krings and  Thierry Lecomte and  Michael Leuschel and  Luis Fernando Mejia and  Laurent Voisin",
	Title = "The First Twenty-Five Years of Industrial Use of the B-Method",
	Year = "2020",
	Journal = "Formal Methods for Industrial Critical Systems",
	DOI = "10.1007/978-3-030-58298-2_8",
}
@article{Paper_193,
	Author = "Jean-Raymond Abrial",
	Title = "Formal Methods: Theory Becoming Practice",
	Year = "2007",
	Journal = "Universal Computer Science",
}
@article{Paper_194,
	Author = "Alexei Iliasov and  Ilya Lopatkin and  Alexander Romanovsky",
	Title = "The SafeCap Platform for Modelling Railway Safety and Capacity",
	Year = "2013",
	Journal = "International Conference on Computer Safety, Reliability and Security",
	DOI = "10.1007/978-3-642-40793-2_12",
}
@article{Paper_195,
	Author = "Alexei Iliasov and  Ilya Lopatkin and  Alexander Romanovsky",
	Title = "Practical Formal Methods in Railways – The SafeCap Approach",
	Year = "2014",
	Journal = "Proceedings of Reliable Software Technologies (Ada-Europe)",
	DOI = "10.1007/978-3-319-08311-7_14",
}
@article{Paper_196,
	Author = "Xinhong Hei and  Lining Chang and  Weigang Ma and  Jinli Gao and  Guo Xie",
	Title = "Automatic transformation from UML Statechart to Petri Nets for safety analysis and verification",
	Year = "2011",
	Journal = "International Conference on Quality, Reliability, Risk, Maintenance, and Safety Engineering",
	DOI = "10.1109/ICQR2MSE.2011.5976760",
}
@article{Paper_197,
	Author = "Chen Xiangxian and  Huang Hai and  He Yulin",
	Title = "Automatic Generation of Relay Logic for Interlocking System Based on Statechart",
	Year = "2010",
	Journal = "Second World Congress on Software Engineering",
	DOI = "10.1109/WCSE.2010.31",
}
@article{Paper_198,
	Author = "Xiangxian Chen and  Yulin He and  Hai Huang",
	Title = "An approach to automatic development of interlocking logic based on statechart",
	Year = "2011",
	Journal = "Enterprise Information Systems",
	DOI = "10.1080/17517575.2011.575475",
}
@article{Paper_199,
	Author = "Anne Haxthausen",
	Title = "Automated generation of safety requirements from railway interlocking table",
	Year = "2014",
	Journal = "International Journal on Software Tools for Technology Transfer",
	DOI = "10.1007/s10009-013-0295-9",
}
@article{Paper_200,
	Author = "UIC Rail System Department",
	Title = "Towards a Universal Topology Model for Railways and Data Exchange Format for Infrastructure",
	Year = "2015",
	Journal = "UIC RailTopoModel and railML Conference",
}
@article{Paper_201,
	Author = "Jean-Francois Demoutiez",
	Title = "The foundation for an universal Infraestructure Data Exchange Format",
	Year = "2013",
	Journal = "ERIM Conference",
}
@article{Paper_202,
	Author = "NSW Goverment",
	Title = "Rail Signalling Principles for Light Rail Networks",
	Year = "2020",
	Journal = "Transport Asest Standards Authority",
}
@article{Paper_203,
	Author = "Rail Industry Safety and Standards Board (RISSB)",
	Title = "Signalling Principles",
	Year = "2018",
}
@article{Paper_204,
	Author = "Menéndez Martín Nicolás and  Larosa Facundo Santiago and  Ghignone Ramiro Adrián and  Álvarez Nicolás and  Lutenberg Ariel",
	Title = "FPGA implementation of a critical railway interlocking system",
	Year = "2020",
	Journal = "IEEE Latin America Transactions",
	DOI = "10.1109/TLA.2019.9082240",
}
@article{Paper_205,
	Author = "Ramiro Adrián Ghignone and  Cristian Federico Falco and  Facundo Santiago Larosa and  Hernán Pablo Mendes Gouveia and  Leandro Alejandro Chang and  Martín Nicolás Menéndez and  Ariel Lutenberg",
	Title = "Modelling, Simulation and Code Generation for Electronic Railway Interlocking Systems",
	Year = "2021",
	Journal = "IEEE Latin America Transactions",
	DOI = "10.1109/TLA.2021.9423859",
}
@article{Paper_206,
	Author = "Martin Menéndez and  Santiago Germino and  Facundo Larosa and  Ariel Lutenberg",
	Title = "Automatic generation of VHDL code for a railway interlocking system",
	Year = "2022",
	Journal = "International Journal of Embedded Systems",
	DOI = "10.1504/IJES.2021.121088",
}
@article{Paper_207,
	Author = "Santiago Germino and  Martin Menéndez and  Ariel Lutenberg",
	Title = "An XSLT-Based Proposal to Ease Embedded Critical Systems Tools Implementation, Verification, Validation, Testing, and Certification Efforts",
	Year = "2022",
	Journal = "IEEE embedded systems letters",
	DOI = "10.1109/LES.2022.3221810",
}
@article{Paper_208,
	Author = "Martín Nicolás Menéndez and  Santiago Germino and  Luis David Díaz-Charris and  Ariel Lutenberg",
	Title = "Automatic Railway Signaling Generation for Railways Systems Described on Railway Markup Language (railML)",
	Year = "2023",
	Journal = "IEEE Transactions on Intelligent Transportation Systems",
	DOI = "10.1109/TITS.2023.3317256",
}


@online{INTERLOCKING_BASIC,
	author    = "Francis How",
	title     = "Interlocking, back to basic",
	url       = "https://www.irse.org/Qualifications-Careers/Exam-Support-Resources/Module-A",
	%urldate   = {2022-13-02}, 
	year      = 2022,
}
@online{RAILML_0,
	author    = "Railml.org",
	title     = "Home - railML.org",
	url       = "http://www.railml.org",
	urldate   = {2024-02-14}, 
	year      = 2022,
}
@online{RAILAID,
	author    = "RaIL-AiD",
	title     = "Railway Infrastructure and Layour Aided Designer",
	url       = "http://www.rail-aid.com",
	urldate   = {2024-02-14}, 
	year      = 2022,
}
@online{RAILVIVID,
	author    = "Railml.org",
	title     = "railVIVID: The railML Viewer \& Validator ",
	url       = "https://www.railml.org/en/user/railvivid.html",
	urldate   = {2024-02-14}, 
	year      = 2022,
}
@online{RAILML_CO,
	author    = "Railml.org",
	title     = "RailML 3.2 Common",
	url       = "http://wiki3.railml.org/DataModel/3.2/CO/",
	urldate   = {2024-02-14}, 
	year      = 2022,
}
@online{RAILML_IS,
	author    = "Railml.org",
	title     = "RailML 3.2 Infrastructure",
	url       = "http://wiki3.railml.org/DataModel/3.2/IS/",
	urldate   = {2024-02-14}, 
	year      = 2022,
}
@online{RAILML_IL,
	author    = "Railml.org",
	title     = "RailML 3.2 Interlocking",
	url       = "http://wiki3.railml.org/DataModel/3.2/IL/",
	urldate   = {2024-02-14}, 
	year      = 2022,
}
@online{RAILML_RS,
	author    = "Railml.org",
	title     = "RailML 3.2 RollingStock",
	url       = "http://wiki3.railml.org/DataModel/3.2/RS/",
	urldate   = {2024-02-14}, 
	year      = 2022,
}
@online{RAILML_TT,
	author    = "Railml.org",
	title     = "RailML 3.2 TimeTable",
	url       = "http://wiki3.railml.org/DataModel/3.2/TT/",
	urldate   = {2024-02-14}, 
	year      = 2022,
}
@online{ELEMENTTREE,
	author    = "Docs.python.org",
	title     = "API XML of ElementTree",
	url       = "http://docs.python.org/es/3.9/library/xml.etree.elementtree.html",
	urldate   = {2024-02-14}, 
}
@online{GITHUB,
	author    = "Martín Nicolás Menéndez",
	title     = "Layouts analyzed with RNA",
	url       = "https://github.com/GICSAFePhD/RailML",
	urldate   = {2024-02-14}, 
	year      = 2022,
}
@online{INTERVIEW,
	author    = "CONICET-GICSAFe",
	title     = "Interview with Trenes Argentinos",
	url       = "https://github.com/GICSAFePhD/RailML/blob/main/Interview/Readme.md",
	urldate   = {2023-06-10}, 
	year      = 2023,
}
@online{RITO,
	author    = "Trenes-Argentinos",
	title     = "Reglamento Interno Técnico Operativo",
	url       = "https://www.argentina.gob.ar/sites/default/files/rito.pdf",
	urldate   = {2024-02-11}, 
	year      = 1993,
}
@online{TRENES,
	author    = "Trenes-Argentinos",
	title     = "Trenes Argentinos",
	url       = "https://www.argentina.gob.ar/transporte/trenes",
	urldate   = {2024-02-11}, 
	year      = 2024,
}
@online{IRSE,
	author    = "Institution of Railway Signal Engineers",
	title     = "Fundamental Requirements for Train Control Systems",
	url       = "https://www.irse.org/Publications-Resources/Misc-publications",
	urldate   = {2024-02-11}, 
	year      = 2024,
}